% Modelos de referências em BibTeX

% ATENCAO:
%
% - para preservar as maiúsculas em siglas nos títulos, use {...}.
%    Veja um exemplo na referência "iskandar00" abaixo.

%%%%% exemplo de livro 
@book{iskandar00,
   author	= {J. Iskandar},
   title	= {Normas da {ABNT} Comentadas para Trabalhos Científicos},
   year		= {2000},
   publisher	= {Editora Champagnat (PUCPR)}
}

@book{goossens93,
   author	= {M. Goossens and F. Mittelbach and A. Samarin},
   title	= {The \LaTeX\ Companion},
   year		= {1993},
   publisher	= {Addison-Wesley}
}

@book{oetiker07,
   author	= {T. Oetiker and H. Partl and I. Hyna and E. Schlegl},
   title	= {The Not So Short Introduction to \LaTeXe{}},
   publisher	= {\url{http://www.ctan.org/tex-archive/info/lshort}},
   year		= {2007}
}

%%%%% exemplo de parte de livro
@inbook{Birman89,
   author	= {K. Birman and T. Joseph},
   editor	= {S. Mullender},
   pages	= {293-317},
   publisher	= {Addison-Wesley},
   title	= {Reliable Broadcast Protocols in Distributed Systems},
   year		= {1989}
}

%%%%% exemplo de manual
@manual{Chorus96a,
   title	= {Chorus/Cool-ORB r3 - Product Description},
   organization = {Chorus Systems},      
   note	= {CS/TR-95-157.3},
   month	= {June},
   year		= {1996}
}

@article{Schwerin2018,
   abstract = {The present work deals with the interrelationships of blockchain technology and the new European General Data Protection Regulation, that will be intact after May 28th, 2018. The regulation harmonizes personal data protection across the European Union and aims to return the ownership of personal data to the individual. This thesis, therefore, addresses the question how this new technology that is characterized by decentralization, immutability and truly digitized values will be affected by the strict privacy regulation and vice versa. The aim of this work is to clarify whether blockchains can comply with the new regulation on the one hand and to identify how blockchain could support its compliance, on the other hand. The questions are validated through an extensive literature review and are further investigated by using a Delphi study that asks a panel of 25 renowned experts to find opportunities, limitations and general suggestions about both topics. In addition, a framework is proposed to support the assessment of privacy and related risks of blockchains. As a result, it becomes apparent that blockchains can become more privacy friendly and comply with the regulation if an active dialogue between blockchain developers and regulatory authorities helps to strengthen their mutual understanding and work. With the support of this work and the blockchain Privacy Impact Assessment canvas a foundation for the necessary next steps is laid to overcome the challenges of defining a data controller or deleting personal data within a blockchain.},
   author = {Simon Schwerin},
   doi = {10.31585/jbba-1-1-(4)2018},
   issn = {25163949},
   issue = {1},
   journal = {The Journal of the British Blockchain Association},
   keywords = {Data Protection Impact Assessment (DPIA),Delphi study,General Data Protection Regulation (GDPR),blockchain,blockchain Privacy Impact Assessment,data protection regulation,privacy},
   pages = {1-77},
   title = {Blockchain and Privacy Protection in the Case of the European General Data Protection Regulation (GDPR): A Delphi Study},
   volume = {1},
   url = {https://doi.org/10.31585/JBBA-1-1-},
   year = {2018},
}

@article{Hassan2020,
   abstract = {Modern cyber physical systems (CPSs) has widely being used in our daily lives because of development of information and communication technologies (ICT). With the provision of CPSs, the security and privacy threats associated to these systems are also increasing. Passive attacks are being used by intruders to get access to private information of CPSs. In order to make CPSs data more secure, certain privacy preservation strategies such as encryption, and k-anonymity have been presented in the past. However, with the advances in CPSs architecture, these techniques also need certain modifications. Meanwhile, differential privacy emerged as an efficient technique to protect CPSs data privacy. In this paper, we present a comprehensive survey of differential privacy techniques for CPSs. In particular, we survey the application and implementation of differential privacy in four major applications of CPSs named as energy systems, transportation systems, healthcare and medical systems, and industrial Internet of things (IIoT). Furthermore, we present open issues, challenges, and future research direction for differential privacy techniques for CPSs. This survey can serve as basis for the development of modern differential privacy techniques to address various problems and data privacy scenarios of CPSs.},
   author = {Muneeb Ul Hassan and Mubashir Husain Rehmani and Jinjun Chen},
   doi = {10.1109/COMST.2019.2944748},
   issn = {1553-877X},
   issue = {1},
   journal = {IEEE Communications Surveys \& Tutorials},
   keywords = {Differential privacy,cyber physical systems (CPSs),health care systems,industrial Internet of Things (IIoT),privacy preservation,smart grid (SG),transportation systems},
   pages = {746-789},
   publisher = {IEEE},
   title = {Differential Privacy Techniques for Cyber Physical Systems: A Survey},
   volume = {22},
   url = {https://ieeexplore.ieee.org/document/8854247/},
   year = {2020},
}

@article{Al-ZabenNasr2018:article,
   abstract = {Surveillance and secrecy breaching incidents of users' privacy questioned the current third-parties data collection procedure. Massive amounts of Personally Identifiable Information (PII) are being exploited due to malpractice, identity theft, spamming, phishing and cyber-espionage. A large amount of data flow from users to enterprises for data-driven market analysis and prediction. Consequently, it is tough to track the flow and genuineness of PII. Blockchain technology, an 'immutable' distributed ledger which can efficaciously track PII exchange, store, and distribution. In contrast, ongoing EU General Data Protection Regulation (GDPR) demands 'right to forget' and 'should be erasable' rights. However, this paper proposes an off-chain Blockchain architecture which uses both local database and distributed ledgers to preserve a trustable PII life cycle. Considering the key factors of GDPR, prevailing Blockchain architecture were modified and a prototype was created to validate our proposed architecture using multichain 2.0. Proposed architecture stores PII and Non-PII physically separated location. Finally, with proposed architecture user will realm privacy and rigidity of Blockchain along with the privacy regulation of GDPR. Validation is done by comparing proposed system with existing methodology from technical aspects, future research scopes is also well advocated.},
   author = {Nasr Al-Zaben and Md Mehedi Hassan Onik and Jinhong Yang and Nam Yong Lee and Chul Soo Kim},
   doi = {10.1109/ICCECOME.2018.8658586},
   isbn = {9781538649046},
   journal = {Proceedings - 2018 International Conference on Computing, Electronics and Communications Engineering, iCCECE 2018},
   keywords = {Blockchain,Data Protection,Distributed ledger,General Data Protection Regulation (EU-GDPR),Identity management,Off-chain Blockchain,Personal data,Personally Identifiable Information (PII),Privacy Policy,Privacy issues},
   month = {3},
   pages = {77-82},
   publisher = {Institute of Electrical and Electronics Engineers Inc.},
   title = {General Data Protection Regulation Complied Blockchain Architecture for Personally Identifiable Information Management},
   year = {2019},
}

%%%%% exemplo de tese de doutorado
@phdthesis{Maziero94,
   author	= {C. Maziero},
   title	= {Conception et réalisation d'un noyau de système
   		   réparti pour la simulation parallèle},
   school	= {IRISA - Université de Rennes I}, 
   address	= {Rennes - France},
   note 	= {137 pgs},
   number	= {1161},
   month	= {June},
   year		= {1994}
}

%%%%% exemplo de dissertação de mestrado
@mastersthesis{Ribeiro97,
   author	= {R. Ribeiro},
   title	= {Proposta de um suporte para simulações orientadas a 
		   objetos distribuídas em uma plataforma aberta},
   school	= {Pós-Graduação em Engenharia Elétrica - Universidade
		   Federal de Santa Catarina}, 
   address	= {Fpolis - SC},
   note 	= {},
   number	= {},
   month	= {Junho},
   year		= {1997}
}

%%%%% exemplo de artigo em revista
@article{Awerbuch85a,
   author	= {B. Awerbuch},
   title	= {Complexity of network synchronization},
   journal	= {Journal of ACM},
   volume	= {32},
   number	= {4},
   pages	= {801-823},
   note 	= {invited paper},
   month	= {October},
   year		= {1985}
}

%%%%% exemplo de artigo em evento
@conference{Adam88,
   author	= {M. Adam and Ph. Ingels and M. Raynal},
   title	= {The meaning of synchronous distributed algorithms run on
		   asynchronous distributed systems},
   booktitle	= {3$^{rd}$ International Symposium on Computer and
		   Information Sciences},
   address	= {Izmir - Turkey},
   pages	= {307-316},
   month	= {November},
   year		= {1988}
}

%%%%% exemplo de relatório técnico
@techreport{bibufpr15,
   author	= {Biblioteca UFPR},
   institution	= {Sistema de Bibliotecas -- Universidade Federal do Paran\'a},
   title	= {Manual de normaliza\c{c}\~ao de documentos cient\'ificos de acordo com as normas da {ABNT}},
   number	= {ISBN 9788584800025},
   address	= {Curitiba PR},
   year		= {2015}
}

%%%%% exemplo de URL (páginas Web)
@misc{maziero15,
   title	= {Modelo {PPGInf UFPR} para teses e dissertações},
   author	= {Carlos Maziero},
   howpublished	= {\url{http://www.inf.ufpr.br/maziero}},
   year		= {2015},
   note		= {Acessado em 30/11/2015}
}

@misc{Everythi34:online,
author = {EU GDPR},
title = {Everything you need to know about the "Right to be forgotten" - GDPR.eu},
howpublished = {\url{https://gdpr.eu/right-to-be-forgotten/}},
month = {},
year = {2022},
note = {(Accessed on 07/04/2022)}
}

@misc{DWObservatory2022:online,
author = {DW Observatory},
title = {Privacy And Data Protection In 2022 | DW Observatory},
howpublished = {\url{https://dig.watch/topics/privacy-and-data-protection#:~:text=Privacy%20and%20data%20protection%20are,to%20disclose%20information%20or%20not).}},
month = {},
year = {2022},
note = {(Accessed on 07/08/2022)}
}

@misc{dsguaman2016:online,
author = {Guamán Loachamín, Danny Santiago},
title = {Privacy vs. Data Protection vs. Information Security – Software and Services Engineering},
howpublished = {\url{https://blogs.upm.es/sse/2016/11/01/privacy-vs-data-protection-vs-information-security/}},
month = {11},
year = {2016},
note = {(Accessed on 07/08/2022)}
}

@misc{Personal37:online,
author = {Wikipedia},
title = {Personal data - Wikipedia},
howpublished = {\url{https://en.wikipedia.org/wiki/Personal_data}},
month = {},
year = {2022},
note = {(Accessed on 07/11/2022)}
}

@misc{EuropeanCommission2016:misc,
author = {European Commission},
abstract = {Regulation (EU) 2016/679 of the European Parliament and of the Council of 27 April 2016 on the protection of natural persons with regard to the processing of personal data and on the free movement of such data, and repealing Directive 95/46/EC (General Data Protection Regulation)},
title = {General Data Protection Regulation},
publisher = {Official Journal of the European Union},
volume = {59},
pages = {1-88},
year = {2016}
}

@misc{candido_historico_2021,
    author = {João Pedro Succi Candido and Tayná Frota de Araújo and William Alves Carvalho Ribeiro},
	title = {Histórico da {Lei} {Geral} de {Proteção} de {Dados} ({LGPD})},
	url = {https://advocatta.org/historico-da-lei-geral-de-protecao-de-dados-lgpd/},
	abstract = {Entenda o que fazer quando alguém está usando sua marca},
	language = {pt-BR},
	urldate = {2022-07-26},
	journal = {Advocatta},
	month = feb,
	year = {2021},
	file = {Snapshot:/home/marc/Zotero/storage/89L7H3Y5/historico-da-lei-geral-de-protecao-de-dados-lgpd.html:text/html},
}

@article{Feng2019,
   abstract = {Blockchain, as a decentralized and distributed public ledger technology in peer-to-peer network, has received considerable attention recently. It applies a linked block structure to verify and store data, and applies the trusted consensus mechanism to synchronize changes in data, which makes it possible to create a tamper-proof digital platform for storing and sharing data. It is believed that blockchain can be utilized in diverse Internet interactive systems (e.g., Internet of Things, supply chain systems, identity management, and so on). However, there are some privacy challenges that may hinder the applications of blockchain. The goal of this survey is to provide some insights into the privacy issues associated with blockchain. We analyze the privacy threats in blockchain and discuss existing cryptographic defense mechanisms, i.e., anonymity and transaction privacy preservation. Furthermore, we summarize some typical implementations of privacy preservation mechanisms in blockchain and explore future research challenges that still need to be addressed in order to preserve privacy when blockchain is used.},
   author = {Qi Feng and Debiao He and Sherali Zeadally and Muhammad Khurram Khan and Neeraj Kumar},
   doi = {10.1016/j.jnca.2018.10.020},
   issn = {10958592},
   journal = {Journal of Network and Computer Applications},
   keywords = {Anonymity,Blockchain,Cryptocurrency,Cryptography,Privacy},
   month = {1},
   pages = {45-58},
   publisher = {Academic Press},
   title = {A survey on privacy protection in blockchain system},
   volume = {126},
   year = {2019},
}

@article{article:BegumSNausheenF2018,
   author = {Sayyada Hajera Begum and Farha Nausheen},
   isbn = {9781538608074},
   issue = {Icisc},
   journal = {2018 2nd International Conference on Inventive Systems and Control (ICISC)},
   keywords = {big data,differential privacy,privacy,security},
   pages = {512-516},
   publisher = {IEEE},
   title = {A Comparative Analysis of Differential Privacy Vs other Privacy Mechanisms for Big Data},
   year = {2018},
}

@article{Nakamoto2009,
   abstract = {A purely peer-to-peer version of electronic cash would allow online payments to be sent directly from one party to another without going through a financial institution. Digital signatures provide part of the solution, but the main benefits are lost if a trusted third party is still required to prevent double-spending. We propose a solution to the double-spending problem using a peer-to-peer network. The network timestamps transactions by hashing them into an ongoing chain of hash-based proof-of-work, forming a record that cannot be changed without redoing the proof-of-work. The longest chain not only serves as proof of the sequence of events witnessed, but proof that it came from the largest pool of CPU power. As long as a majority of CPU power is controlled by nodes that are not cooperating to attack the network, they'll generate the longest chain and outpace attackers. The network itself requires minimal structure. Messages are broadcast on a best effort basis, and nodes can leave and rejoin the network at will, accepting the longest proof-of-work chain as proof of what happened while they were gone.},
   author = {Satoshi Nakamoto},
   doi = {},
   journal = {},
   title = {Bitcoin: A Peer-to-Peer Electronic Cash System},
   url = {www.bitcoin.org},
   year = {2009},
}

@article{Teixeira2019:article,
   abstract = {Purpose: The digital paradigm people live in today, which drastically increased the consumption of data, is a threat to their privacy. To create a high level of privacy protection for its citizens, the European Union proposed the General Data Protection Regulation (GDPR), which introduces obligations for organizations regarding the storing, processing, collecting and disclosing of data. This paper aims to identify the critical success factors of GDPR implementation. Design/methodology/approach: A systematic literature review was conducted by following a strict review protocol, where 32 documents were found relevant to perform the review and to answer to the proposed research questions. Findings: The critical success factors of GDPR implementation were identified, including barriers and enablers. Furthermore, benefits of complying with GDPR were identified. Research limitations/implications: As GDPR is a relatively recent subject, there are still few scientific papers about it. Therefore, the authors were unable to neither identify nor present a robust conclusion regarding specific topics, such as practical outcomes. Originality/value: On the basis of the literature, the identified critical success factors may be useful for organizations as these can be better prepared to achieve compliance by prioritizing the enablers and avoiding the barriers.},
   author = {GA Teixeira and MM da Silva and R Pereira - Digital Policy and Regulation and and undefined 2019},
   doi = {10.1108/DPRG-01-2019-0007},
   issue = {4},
   journal = {emerald.com},
   keywords = {Barriers,Critical success factors,Enablers,GDPR,Implementation,Organizations},
   month = {6},
   pages = {402-418},
   publisher = {Emerald Group Publishing Ltd.},
   title = {The critical success factors of GDPR implementation: a systematic literature review},
   volume = {21},
   url = {https://dx.doi.org/10.1108/DPRG-01-2019-0007.},
   year = {2019},
}

@article{gabriela_eu_2018:article,
	title = {The {EU} {General} {Data} {Protection} {Regulation} {Implications} for {Romanian} {Small} and {Medium}-{Sized} {Entreprises}},
	abstract = {Starting on 25 May 2018, all Member States, including Romania, must apply the new General Data Protection Regulation 2016/679. It contains obligations regarding the collection, processing, storing, disclosing of data to individuals (clients, employees, etc.), with very large sanctions. Although, as a rule, record-keeping obligations do not apply to small and medium sized enterprises, organizations with less than 250 employees have record-keeping obligations unless the processing is likely to generate certain risks for the rights and freedoms of the data subjects, if it’s not occasional or includes special data, and many SMEs enterprises fall into such situations.},
	language = {en},
	number = {1},
	author = {Gabriela, Gheorghiu},
	year = {2018},
	pages = {4},
	file = {Gabriela - The EU General Data Protection Regulation Implicat.pdf:/home/marc/Zotero/storage/A8N2YKTZ/Gabriela - The EU General Data Protection Regulation Implicat.pdf:application/pdf},
}

@article{Underwood2016:article,
    author = {Underwood, Sarah},
    title = {Blockchain beyond Bitcoin},
    year = {2016},
    issue_date = {November 2016},
    publisher = {Association for Computing Machinery},
    address = {New York, NY, USA},
    volume = {59},
    number = {11},
    issn = {0001-0782},
    url = {https://doi.org/10.1145/2994581},
    doi = {10.1145/2994581},
    abstract = {Blockchain technology has the potential to revolutionize applications and redefine the digital economy.},
    journal = {Commun. ACM},
    month = {oct},
    pages = {15–17},
    numpages = {3}
}

@inproceedings{carvalho_desafios_2019,
	title = {Desafios de {Transparência} pela {Lei} {Geral} de {Proteção} de {Dados} {Pessoais}},
	copyright = {Copyright (c)},
	url = {https://sol.sbc.org.br/index.php/wtrans/article/view/6438},
	doi = {10.5753/wtrans.2019.6438},
	abstract = {Society is influenced by new technologies, culminating in new ethical issues. How to enable data protection in an era in which algorithms use it for whatever the purpose it may have? The Brazilian government, motivated by this issue, sanctioned a comprehensive legislation for data protection. In its writing the concern for transparency is clear. Noting this, what will be the technological issues associated with transparency in a privacy law?},
	language = {pt},
	urldate = {2022-07-26},
	booktitle = {Anais do {Workshop} de {Transparência} em {Sistemas} ({WTranS})},
	publisher = {SBC},
	author = {Carvalho, Luiz and Oliveira, Jonice and Cappelli, Claudia and Majer, Violeta},
	month = jul,
	year = {2019},
	note = {ISSN: 2595-6140},
	pages = {21--30},
	file = {Full Text PDF:/home/marc/Zotero/storage/Y4HZT582/Carvalho et al. - 2019 - Desafios de Transparência pela Lei Geral de Proteç.pdf:application/pdf},
}

@article{monteiro_efetividade_2019,
	title = {A efetividade dos mecanismos de proteção de dados pessoais na {Lei} 13.709/2018},
	url = {http://repositorio.uniceub.br/jspui/handle/prefix/13383},
	abstract = {O trabalho tem por objetivo analisar os mecanismos institucionais, preventivos e repressivos de proteção de dados pessoais previstos na LGPD sob a ótica da efetividade. A originalidade do trabalho recai no baixo número de trabalhos acadêmicos que analisem especificamente os mecanismos de proteção de dados dispostos na LGPD. O método compreende a análise predominantemente do ordenamento jurídico brasileiro e tem como escopo apenas os mecanismos de proteção de dados pessoais oriundos da LGPD. Ao fim,  a breve análise dos mecanismos institucionais, preventivos e repressivos de proteção de dados pessoais da LGPD permitem afirmar que a lei tem potencial para ser efetiva, desde que cada mecanismo cumpra o seu papel.},
	language = {pt\_BR},
	urldate = {2022-07-26},
	author = {Monteiro, Yasmin Sousa},
	year = {2019},
	note = {Accepted: 2019-07-16T18:28:05Z},
	file = {Full Text PDF:/home/marc/Zotero/storage/DGFAB6PA/Monteiro - 2019 - A efetividade dos mecanismos de proteção de dados .pdf:application/pdf;Snapshot:/home/marc/Zotero/storage/LT2EM3VA/13383.html:text/html},
}

@article{dadamos_fatores_2022,
	title = {Fatores críticos de sucesso para adoção da {LGPD} nas empresas brasileiras: um estudo {Delphi} com especialistas},
	copyright = {openAccess},
	shorttitle = {Fatores críticos de sucesso para adoção da {LGPD} nas empresas brasileiras},
	url = {http://bibliotecadigital.fgv.br:80/dspace/handle/10438/31649},
	abstract = {O contexto deste estudo se refere ao que, segundo a PSafe e Serasa Experian , foi definido como o maior vazamento de dados pessoais da História do Brasil, ocorrido em 2021: 223 milhões de dados foram vazados , enquanto no mesmo período se contavam 212 milhões de habitantes no país. Aqui, os avanços na temática de privacidade ganharam força em 2018, quando o Congresso começou a se preocupar com dados pessoais na edição da Lei n. 13.709/2018, denominada Lei Geral de Proteção de Dados (LGPD), em decorrência dos movimentos europeus. Com as diversas prorrogações e interrupções na promulgação dessa lei, em função da pandemia global que postergou o início de sua vigência, criou-se no Brasil um ambiente de dúvidas e incertezas sobre a eficácia e a aplicabilidade prática da LGPD. Diante desse cenário, estudiosos brasileiros passaram a discutir como compor práticas orientativas de condução para o empresário, na direção da definição de um tratamento próprio sobre o tema da privacidade e da aderência à LGPD. O problema abordado neste estudo é a falta de um guia prático que ajude os gestores na adequação a lei, muitos dos trabalhos mencionados neste trabalho derivam de discussões estrangeiras sobre a temática, a maioria dos quais baseados na General Data Protection Regulation (GDPR). Dadas as semelhanças entre as duas leis, neste estudo, forças e barreiras envolvidas em cada contexto foram consideradas na composição de Fatores Críticos de Sucesso (FCS), com base também em matérias de Segurança da Informação (SI) e Governança de TI (GTI) no entendimento dos artigos 46.º e 50.º da LGPD. Este trabalho, portanto, representa um esforço em agregar temáticas geralmente conduzidas separadamente em conhecimento para um cenário brasileiro. Os resultados obtidos responderam à pergunta de pesquisa – “Quais são os principais fatores críticos de sucesso para as empresas adotarem a LGPD?” - e compuseram uma lista de 22 FCS que podem ser utilizados como guia na adequação de qualquer empresa à LGPD. As experiências de especialistas refletiram no atingimento do objetivo, proporcionando ao leitor deste estudo um guia que poderá usar para entender cada FCS e alinhá-los a seu cenário com aplicabilidade prática, para conduzir a transformação cultural de sua empresa em uma vivência harmoniosa com os dados pessoais de pessoas físicas utilizada em seus processos.},
	language = {por},
	urldate = {2022-07-27},
	author = {Dadamos, Fernando Magalhães},
	month = feb,
	year = {2022},
	note = {Accepted: 2022-02-22T14:11:44Z},
	file = {Full Text PDF:/home/marc/Zotero/storage/LLM58NZZ/Dadamos - 2022 - Fatores críticos de sucesso para adoção da LGPD na.pdf:application/pdf;Snapshot:/home/marc/Zotero/storage/8Z9W48L6/31649.html:text/html},
}

@book{Nissenbaum+2009,
    author = {Helen Nissenbaum},
    doi = {doi:10.1515/9780804772891},
    url = {https://doi.org/10.1515/9780804772891},
    title = {Privacy in Context: Technology, Policy, and the Integrity of Social Life},
    year = {2009},
    publisher = {Stanford University Press},
    ISBN = {9780804772891},
    lastchecked = {2022-07-28}
}

@misc{Constitucao1988:online,
author = {Brasil},
title = {Constituição da República Federativa do Brasil de 1988},
howpublished = {\url{http://www.planalto.gov.br/ccivil_03/Constituicao/Constituicao.htm}},
month = {},
year = {1988},
note = {(Accessed on 07/27/2022)}
}

@misc{L13709_2018:online,
author = {Brasil},
title = {Lei 13.709/2018},
howpublished = {\url{http://www.planalto.gov.br/ccivil_03/_Ato2015-2018/2018/Lei/L13709.htm}},
month = {},
year = {2018},
note = {(Accessed on 07/27/2022)}
}

@book{pinheiro_protecao_2020,
	title = {Proteção de Dados Pessoais: Comentários à Lei n. 13.709/2018 -LGPD},
	isbn = {978-85-536-1340-3},
	url = {https://books.google.com/books?id=oXPWDwAAQBAJ},
	publisher = {Saraiva Educação S.A.},
	author = {PINHEIRO, Patrícia Peck},
	year = {2020},
}

@article{buterin_ethereum_2014,
	title = {Ethereum: A Next-Generation Smart Contract and Decentralized Application Platform},
	language = {en},
	author = {Buterin, Vitalik},
	year = {2014},
	pages = {36},
}

@article{zheng2018blockchain,
  title={Blockchain challenges and opportunities: A survey},
  author={Zheng, Zibin and Xie, Shaoan and Dai, Hong-Ning and Chen, Xiangping and Wang, Huaimin},
  journal={International journal of web and grid services},
  volume={14},
  number={4},
  pages={352--375},
  year={2018},
  publisher={Inderscience Publishers (IEL)}
}

@article{monrat2019survey,
  title={A survey of blockchain from the perspectives of applications, challenges, and opportunities},
  author={Monrat, Ahmed Afif and Schel{\'e}n, Olov and Andersson, Karl},
  journal={IEEE Access},
  volume={7},
  pages={117134--117151},
  year={2019},
  publisher={IEEE}
}

@inproceedings{pinno2017controlchain,
  title={Controlchain: Blockchain as a central enabler for access control authorizations in the iot},
  author={Pinno, Otto Julio Ahlert and Gregio, Andre Ricardo Abed and De Bona, Luis CE},
  booktitle={GLOBECOM 2017-2017 IEEE Global Communications Conference},
  pages={1--6},
  year={2017},
  organization={IEEE}
}

@article{wu_application_2018,
	title = {Application of Blockchain Technology in Sustainable Energy Systems: An Overview},
	volume = {10},
	shorttitle = {Application of {Blockchain} {Technology} in {Sustainable} {Energy} {Systems}},
	doi = {10.3390/su10093067},
	abstract = {The Energy Internet has become a hot topic for the integration of sustainable energies. However, as a result, there are numerous sustainable energy forms and participants, the system is extremely complex, and some key issues are difficult to overcome, such as the control and management of distributed sustainable energy forms. On the other hand, blockchain technology consists of distributed data storage, peer-to-peer transmission, a consensus mechanism, encryption algorithms, and smart contracts. Applying the technical advantages of the blockchain to the Energy Internet can solve many of the problems that hinder its development. The purpose of this paper is to review the development of blockchain and the Energy Internet, and provide some references for the possible applications of blockchain technology to the Energy Internet. Firstly, the definition and characteristics of blockchain and the Energy Internet are introduced in detail. Secondly, the compatibility of the two is analyzed. Then, several application scenarios of blockchain in the Energy Internet are put forward. Finally, the challenges that still exist when applying the current blockchain technology to the Energy Internet are analyzed.},
	journal = {Sustainability},
	author = {Wu, Jiani and Tran, Nguyen},
	month = aug,
	year = {2018},
	pages = {3067},
	file = {Full Text:/home/marc/Zotero/storage/GIYVTIIB/Wu and Tran - 2018 - Application of Blockchain Technology in Sustainabl.pdf:application/pdf},
}

@misc{linux_foundation_hyperledger_2015,
	title = {Hyperledger – {Open} {Source} {Blockchain} {Technologies}},
	url = {https://www.hyperledger.org/},
	abstract = {Hyperledger is a multi-project open source collaborative effort hosted by The Linux Foundation, created to advance cross-industry blockchain technologies.},
	language = {en-US},
	urldate = {2022-08-23},
	author = {Hyperledger, Linux Foundation},
	year = {2015},
}